@Comment conferences
@String{ICASSP ={{IEEE} Intern.\ Conf.\ on Acoustics, Speech, and Signal Processing ({ICASSP})}}
@String{ASRU ={{IEEE} Automatic Speech Recognition and Understanding Workshop ({ASRU})}}
@String{EUROSPEECH ={European Conf.\ on Speech Communication and Technology ({Eurospeech})}}
@STRING{ICSLP ={Intern.\ Conf.\ on Spoken Language Processing ({ICSLP})}}
@STRING{IWSLT ={International Workshop on Spoken Language Translation ({IWSLT})}}
@STRING{INTERSPEECH ={Interspeech}}
@STRING{ITW ={{IEEE} Information Theory Workshop}}
@STRING{ICPR ={Intern.\ Conf.\ on Pattern Recognition}}
@String{ICML ={Intern.\ Conf.\ on Machine Learning ({ICML})}}
@String{ICLR ={Intern.\ Conf.\ on Learning Representations (ICLR)}}
@String{ISIT ={{IEEE} Intern.\ Symposium on Information Theory ({ISIT})}}
@String{LREC ={Intern.\ Conf.\ on Language Resources and Evaluation ({LREC})}}
@String{NIPS ={Advances in Neural Information Processing Systems ({NIPS})}}
@String{ACL ={Annual Meeting of the Association for Computational Linguistics (ACL)}}
@String{ACL ={ACL}}
@String{EMNLP ={Proceedings of the Conf.\ on Empirical Methods in Natural Language Processing (EMNLP)}}
@String{ICDAR ={Intern.\ Conf.\ on Document Analysis and Recognition (ICDAR)}}
@STRING{GALE ={Handbook of Natural Language processing and Machine Translation: {DARPA} Global Autonomous Language Exploitation ({GALE})}}
@STRING{SAPA ={Workshop on Statistical and Perceptual Audition ({SAPA})}}
@STRING{SLT ={{IEEE} Workshop on Spoken Language Technology ({SLT})}}
@STRING{NAACL ={Conference of the North American Chapter of the Association for Computational Linguistics ({NAACL})}}
@STRING{SSPW ={IEEE Statistical Signal Processing Workshop}}
@String{AISTATS ={Intern.\ Conf.\ on Artificial Intelligence and Statistics (AISTATS)}}

@Comment journals
@String{SPECOM ={Speech Communication}}
@STRING{SAP ={{IEEE} Transactions on Speech and Audio Processing}}
@STRING{ASL ={{IEEE} Transactions on Audio, Speech, and Language Processing}}
@STRING{ASLACM ={{IEEE}/{ACM} Transactions on Audio, Speech, and Language Processing}}
@STRING{ASSP ={{IEEE} Transactions on Acoustics, Speech, and Signal Processing}}
@STRING{JASA ={Journal of the Acoustical Society of America}}
@STRING{LAA ={Journal of Linear Algebra and Its Applications}}
@STRING{ACMMS ={ACM Transactions on Mathematical Software}}
@STRING{CSL ={Computer Speech and Language}}
@STRING{PAMI ={{IEEE} Transactions on Pattern Analysis and Machine Intelligence}}

@article{Davis80-COP,
	author =    {Steven B. Davis and Paul Mermelstein},
	title =     {Comparison of Parametric Representation for Monosyllabic Word Recognition in Continuously Spoken Sentences},
	journal =   {IEEE Transactions on Acoustics, Speech and Signal Processing},
	volume =    {28},
	number =    {4},
	pages =     {357--366},
	year =      {1980}
}

@article{Rabiner89-ATO,
	author =    {Lawrence R. Rabiner},
	title =     {A Tutorial on Hidden {Markov} Models and Selected Applications in Speech Recognition},
	journal =   {Proceedings of the IEEE},
	volume =    {77},
	number =    {2},
	pages =     {257--286},
	year =      {1989}
}

@book{Hastie09-TEO,
	author =    {Trevor Hastie and Robert Tibshirani and Jerome Friedman},
	title =     {The Elements of Statistical Learning -- Data Mining, Inference, and Prediction},
	publisher = {Springer},
	address =   {New York},
	year =      {2009}
}

@MISC{bastien2012theano,
	author = {Bastien, Fr{\'{e}}d{\'{e}}ric and Lamblin, Pascal and Pascanu, Razvan and Bergstra, James and Goodfellow, Ian J. and Bergeron, Arnaud and Bouchard, Nicolas and Bengio, Yoshua},
	title = {{Theano}: new features and speed improvements},
	howpublished = {Deep Learning and Unsupervised Feature Learning NIPS 2012 Workshop},
	year = {2012}
}

@INPROCEEDINGS{bergstra+al:2010-scipy,
	author = {Bergstra, James and Breuleux, Olivier and Bastien, Fr{\'{e}}d{\'{e}}ric and Lamblin, Pascal and Pascanu, Razvan and Desjardins, Guillaume and Turian, Joseph and Warde-Farley, David and Bengio, Yoshua},
	title = {Theano: a {CPU} and {GPU} Math Expression Compiler},
	booktitle = {Proceedings of the Python for Scientific Computing Conference ({SciPy})},
	location = {Austin, TX},
	month = jun,
	year = {2010},
}

@InProceedings { wiesler2014:rasr,
	author= {Wiesler, Simon and Richard, Alexander and Golik, Pavel and Schl{\"u}ter, Ralf and Ney, Hermann},
	title= {{RASR/NN}: The {RWTH} neural network toolkit for speech recognition},
	booktitle= {IEEE International Conference on Acoustics, Speech, and Signal Processing},
	address= {Florence, Italy},
	pages= {3313-3317},
	month= may,
	year= 2014
}

@InProceedings {rybach2011:rasr,
	author= {Rybach, David and Hahn, Stefan and Lehnen, Patrick and Nolden, David and Sundermeyer, Martin and Tüske, Zoltan and Wiesler, Simon and Schlüter, Ralf and Ney, Hermann},
	title= {{RASR} - The {RWTH} {Aachen} University Open Source Speech Recognition Toolkit},
	booktitle= {IEEE ASRU},
	address= {Waikoloa, HI},
	month= dec,
	year= 2011
}

@techreport{Collobert:Torch,
	author = {Collobert, R. and Bengio, S. and Mari\'{e}thoz, J.},
	institution = {IDIAP},
	title = {{Torch}: a modular machine learning software library},
	year = {2002}
}

@article{leonard2015rnn,
	title={rnn: Recurrent Library for {Torch}},
	author={L{\'e}onard, Nicholas and Waghmare, Sagar and Wang, Yang},
	journal={arXiv preprint arXiv:1511.07889},
	year={2015}
}

@inproceedings{mxnet,
	author    = {Tianqi Chen and
	Mu Li and
	Yutian Li and
	Min Lin and
	Naiyan Wang and
	Minjie Wang and
	Tianjun Xiao and
	Bing Xu and
	Chiyuan Zhang and
	Zheng Zhang},
	title     = {{MXNet}: {A} Flexible and Efficient Machine Learning Library for Heterogeneous
	Distributed Systems},
	booktitle   = {Neural Information Processing Systems, Workshop on Machine Learning Systems},
	year      = 2015,
	month = dec,
	address = {Montreal, Canada},
}

@misc{tensorflow,
	title={{TensorFlow}: Large-Scale Machine Learning on Heterogeneous Systems},
	url={http://tensorflow.org/},
	author={
	Mart\'{\i}n~Abadi and
	Ashish~Agarwal and
	Paul~Barham and
	Eugene~Brevdo and
	Zhifeng~Chen and
	Craig~Citro and
	Greg~S.~Corrado and
	Andy~Davis and
	Jeffrey~Dean and
	Matthieu~Devin and
	Sanjay~Ghemawat and
	Ian~Goodfellow and
	Andrew~Harp and
	Geoffrey~Irving and
	Michael~Isard and
	Yangqing Jia and
	Rafal~Jozefowicz and
	Lukasz~Kaiser and
	Manjunath~Kudlur and
	Josh~Levenberg and
	Dan~Man\'{e} and
	Rajat~Monga and
	Sherry~Moore and
	Derek~Murray and
	Chris~Olah and
	Mike~Schuster and
	Jonathon~Shlens and
	Benoit~Steiner and
	Ilya~Sutskever and
	Kunal~Talwar and
	Paul~Tucker and
	Vincent~Vanhoucke and
	Vijay~Vasudevan and
	Fernanda~Vi\'{e}gas and
	Oriol~Vinyals and
	Pete~Warden and
	Martin~Wattenberg and
	Martin~Wicke and
	Yuan~Yu and
	Xiaoqiang~Zheng},
	year=2015,
	month=nov,
}

@article{caffe,
	Author = {Jia, Yangqing and Shelhamer, Evan and Donahue, Jeff and Karayev, Sergey and Long, Jonathan and Girshick, Ross and Guadarrama, Sergio and Darrell, Trevor},
	Journal = {arXiv preprint arXiv:1408.5093},
	Title = {{Caffe}: Convolutional Architecture for Fast Feature Embedding},
	Year = {2014}
}

@misc{chollet2015,
	author = {François Chollet },
	title = {{Keras}},
	year = {2015},
	publisher = {GitHub},
	journal = {GitHub repository},
	howpublished = {\url{https://github.com/fchollet/keras}},
	commit = {5bcac37}
}

@article{van2015blocks,
	title={{Blocks} and {Fuel}: Frameworks for deep learning},
	author={van Merri{\"e}nboer, Bart and Bahdanau, Dzmitry and Dumoulin, Vincent and Serdyuk, Dmitriy and Warde-Farley, David and Chorowski, Jan and Bengio, Yoshua},
	journal={arXiv preprint arXiv:1506.00619},
	year={2015}
}

@inproceedings{vinyals2015show,
	title={Show and tell: A neural image caption generator},
	author={Vinyals, Oriol and Toshev, Alexander and Bengio, Samy and Erhan, Dumitru},
	booktitle={Proceedings of the IEEE Conference on Computer Vision and Pattern Recognition},
	pages={3156--3164},
	year={2015}
}

@article{bahdanau2014neural,
	title={Neural machine translation by jointly learning to align and translate},
	author={Bahdanau, Dzmitry and Cho, Kyunghyun and Bengio, Yoshua},
	journal={arXiv preprint arXiv:1409.0473},
	year={2014}
}

@article{adagrad,
	author = {Duchi, John and Hazan, Elad and Singer, Yoram},
	title = {Adaptive Subgradient Methods for Online Learning and Stochastic Optimization},
	journal = {J. Mach. Learn. Res.},
	issn = {1532-4435},
	pages = {2121--2159},
	volume = {12},
	month = jul,
	year = {2011},
}

@article{adadelta,
	author    = {Matthew D. Zeiler},
	title     = {{ADADELTA:} An Adaptive Learning Rate Method},
	journal   = {CoRR},
	volume    = {abs/1212.5701},
	year      = {2012},
}

@article{adam,
	author    = {Diederik P. Kingma and Jimmy Ba},
	title     = {{Adam}: {A} Method for Stochastic Optimization},
	journal   = {CoRR},
	volume    = {abs/1412.6980},
	year      = {2014},
}

@article{autograd,
	author    = {Atilim Gunes Baydin and
	Barak A. Pearlmutter and
	Alexey Andreyevich Radul},
	title     = {Automatic differentiation in machine learning: a survey},
	journal   = {CoRR},
	volume    = {abs/1502.05767},
	year      = {2015}
}

@article{assoc,
	author    = {Ivo Danihelka and
	Greg Wayne and
	Benigno Uria and
	Nal Kalchbrenner and
	Alex Graves},
	title     = {Associative Long Short-Term Memory},
	journal   = {CoRR},
	volume    = {abs/1602.03032},
	year      = {2016}
}

@article{gru,
	author    = {Junyoung Chung and
	{\c{C}}aglar G{\"{u}}l{\c{c}}ehre and
	KyungHyun Cho and
	Yoshua Bengio},
	title     = {Gated Feedback Recurrent Neural Networks},
	journal   = {CoRR},
	volume    = {abs/1502.02367},
	year      = {2015}
}
@inproceedings{momentum,
	author    = {Ilya Sutskever and
	James Martens and
	George E. Dahl and
	Geoffrey E. Hinton},
	title     = {On the importance of initialization and momentum in deep learning},
	booktitle = {Proceedings of the 30th International Conference on Machine Learning,
	{ICML}},
	pages     = {1139--1147},
	month= jun,
	year      = {2013}
}

@ONLINE{hdf5,
	author = {{The HDF Group}},
	title = "{Hierarchical data format version 5}",
	year = {2000-2010},
	url = {http://www.hdfgroup.org/HDF5}
}

@InProceedings { doetsch:icfhr,
	author= {Doetsch, Patrick and Kozielski, Michal and Ney, Hermann},	
	title= {Fast and robust training of recurrent neural networks for offline handwriting recognition},	
	booktitle= {International Conference on Frontiers in Handwriting Recognition},	
	pages= {279-284},	
	address= {Crete, Greece},	
	month= sep,
	year= 2014
}

@article{zeyer2016lstm,
	title={A Comprehensive Study of Deep Bidirectional {LSTM} {RNNs} for Acoustic Modeling in Speech Recognition},
	author={Zeyer, Albert and Doetsch, Patrick and Voigtlaender, Paul and Schlüter, Ralf and Ney, Hermann},
	year={2016},
	submitted={Interspeech 2016},
	journal={submitted to Interspeech 2016}
}

@article{sak2014lstm,
	title={Long Short-Term Memory Based Recurrent Neural Network Architectures for Large Vocabulary Speech Recognition},
	author={Sak, Ha{\c{s}}im and Senior, Andrew and Beaufays, Fran{\c{c}}oise},
	journal={arXiv preprint arXiv:1402.1128},
	year={2014},
	note={\url{http://arxiv.org/pdf/1402.1128}},
	peopleref={Vanhoucke},
	keywords={LSTM, RNN, Acoustic modeling, modified LSTM, LSTM-projection, indefinite temporal contextual information, BPTT in RNN vanishing gradient and exploding gradient problems limit the long range context dependencies to 5-10 discrete time steps, Bidirectional LSTM, bidirectional RNN, TIMIT, RNN transducer, context dependent (CD) states, Google English Voice Search task, evaluate frame accuracies (phone state labeling accuracy of acoustic frames)},
	privnotes={rectifier linear units? additional projection ~= like bottleneck? maybe MN-SGD works even better?},
	refs={dean2012large, sainath2013matrixfact, graves2013srdrnn, jaitly2012application, dahl2012dnn},
	read={2014-05},
	privatenotes={presentation by me on Eat&Talk, "almost" ICASSP'14}
}

@misc{torch-autograd,
	title = {{Autograd} for {Torch}},
	howpublished = {\url{https://blog.twitter.com/2015/autograd-for-torch}},
	note = {Accessed: 2016-03-17}
}

@misc{theano-lasagne,
	title = {{Lasagne}, Lightweight library to build and train neural networks in {Theano}},
	howpublished = {\url{http://lasagne.readthedocs.org/}},
	note = {Accessed: 2016-03-17}
}


@misc{schmidhuber-brainstorm,
	title = {{Brainstorm}},
	year = {2015},
	publisher = {GitHub},
	journal = {GitHub repository},
	howpublished = {\url{https://github.com/IDSIA/brainstorm}}
}

@misc{torch-rnn,
	author = {Element-Research},
	title = {{Fast LSTM software package for Torch}},
	year = {2015},
	publisher = {GitHub},
	journal = {GitHub repository},
	howpublished = {\url{https://github.com/Element-Research/rnn}}
}

@Article{Hochreiter97,
	title = "{Long short-term memory}",
	author = "S. Hochreiter and J. Schmidhuber",
	publisher = "MIT Press",
	journal = "Neural Computation",
	pages = "1735--1780",
	volume = "9",
	number = "8",
	year = "1997"
}

@misc{nervana-neon,
	title = {{Neon}: Fast, scalable, easy-to-use {Python} based Deep Learning Framework by {Nervana™}},
	howpublished = {\url{https://github.com/nervanasystems/neon}},
	note = {Accessed: 2016-03-17}
}

@inproceedings{jia2014caffe,
	title={{Caffe}: Convolutional architecture for fast feature embedding},
	author={Jia, Yangqing and Shelhamer, Evan and Donahue, Jeff and Karayev, Sergey and Long, Jonathan and Girshick, Ross and Guadarrama, Sergio and Darrell, Trevor},
	booktitle={Proceedings of the ACM International Conference on Multimedia},
	pages={675--678},
	year={2014},
	organization={ACM}
}

@article{bahrampour2015comparative,
	title={Comparative Study of {Caffe}, {Neon}, {Theano}, and {Torch} for Deep Learning},
	author={Bahrampour, Soheil and Ramakrishnan, Naveen and Schott, Lukas and Shah, Mohak},
	journal={arXiv preprint arXiv:1511.06435},
	year={2015}
}

@INPROCEEDINGS{Povey_ASRU2011_2011,
	author = {Povey, Daniel and Ghoshal, Arnab and Boulianne, Gilles and Burget, Lukas and Glembek, Ondrej and Goel, Nagendra and Hannemann, Mirko and Motlicek, Petr and Qian, Yanmin and Schwarz, Petr and Silovsky, Jan and Stemmer, Georg and Vesely, Karel},
	keywords = {ASR, Automatic Speech Recognition, GMM, HTK, SGMM},
	projects = {Idiap, IM2},
	month = dec,
	title = {The {Kaldi} Speech Recognition Toolkit},
	booktitle = {IEEE 2011 Workshop on Automatic Speech Recognition and Understanding},
	year = {2011},
	publisher = {IEEE Signal Processing Society},
	location = {Hilton Waikoloa Village, Big Island, Hawaii, US},
	note = {IEEE Catalog No.: CFP11SRW-USB},
	isbn = {978-1-4673-0366-8},
	crossref = {Povey_Idiap-RR-04-2012},
	abstract = {We describe the design of Kaldi, a free, open-source
	toolkit for speech recognition research. Kaldi provides a speech
	recognition system based on finite-state transducers (using the
	freely available OpenFst), together with detailed documentation
	and scripts for building complete recognition systems. Kaldi
	is written is C++, and the core library supports modeling of
	arbitrary phonetic-context sizes, acoustic modeling with subspace
	Gaussian mixture models (SGMM) as well as standard Gaussian
	mixture models, together with all commonly used linear and
	affine transforms. Kaldi is released under the Apache License
	v2.0, which is highly nonrestrictive, making it suitable for a wide
	community of users.}
}

@TECHREPORT{Povey_Idiap-RR-04-2012,
	author = {Povey, Daniel and Ghoshal, Arnab and Boulianne, Gilles and Burget, Lukas and Glembek, Ondrej and Goel, Nagendra and Hannemann, Mirko and Motlicek, Petr and Qian, Yanmin and Schwarz, Petr and Silovsky, Jan and Stemmer, Georg and Vesely, Karel},
	keywords = {ASR, Automatic Speech Recognition, GMM, HTK, SGMM},
	projects = {Idiap},
	month = {1},
	title = {The {Kaldi} Speech Recognition Toolkit},
	type = {Idiap-RR},
	number = {Idiap-RR-04-2012},
	year = {2012},
	institution = {Idiap},
	address = {Rue Marconi 19, Martigny},
	abstract = {We describe the design of Kaldi, a free, open-source
	toolkit for speech recognition research. Kaldi provides a speech
	recognition system based on finite-state automata (using the freely
	available OpenFst), together with detailed documentation and a
	comprehensive set of scripts for building complete recognition
	systems. Kaldi is written is C++, and the core library supports
	modeling of arbitrary phonetic-context sizes, acoustic modeling
	with subspace Gaussian mixture models (SGMM) as well as
	standard Gaussian mixture models, together with all commonly
	used linear and affine transforms. Kaldi is released under the
	Apache License v2.0, which is highly nonrestrictive, making it
	suitable for a wide community of users.},
	pdf = {http://publications.idiap.ch/downloads/reports/2011/Povey_Idiap-RR-04-2012.pdf}
}

@article{MiaoGM15,
	author    = {Yajie Miao and
	Mohammad Gowayyed and
	Florian Metze},
	title     = {{EESEN:} End-to-End Speech Recognition using Deep {RNN} Models and
	{WFST}-based Decoding},
	journal   = {CoRR},
	volume    = {abs/1507.08240},
	year      = {2015},
	url       = {http://arxiv.org/abs/1507.08240},
	timestamp = {Sun, 02 Aug 2015 18:42:02 +0200},
	biburl    = {http://dblp.uni-trier.de/rec/bib/journals/corr/MiaoGM15},
	bibsource = {dblp computer science bibliography, http://dblp.org}
}

@INPROCEEDINGS{MDRNNs,
	author = {Alex Graves and J{\"u}rgen Schmidhuber},
	title = {Offline Handwriting Recognition with Multidimensional Recurrent Neural
	Networks},
	booktitle = {Neural Information Processing Systems Foundation},
	pages = {545-552},
	year = {2008}
}

@proceedings{DBLP:conf/nips/2008,
	editor    = {Daphne Koller and
	Dale Schuurmans and
	Yoshua Bengio and
	L{\'{e}}on Bottou},
	title     = {Advances in Neural Information Processing Systems 21, Proceedings
	of the Twenty-Second Annual Conference on Neural Information Processing
	Systems, Vancouver, British Columbia, Canada, December 8-11, 2008},
	publisher = {Curran Associates, Inc.},
	year      = {2009},
	url       = {http://papers.nips.cc/book/advances-in-neural-information-processing-systems-21-2008},
	timestamp = {Thu, 11 Dec 2014 17:34:08 +0100},
	biburl    = {http://dblp2.uni-trier.de/rec/bib/conf/nips/2008},
	bibsource = {dblp computer science bibliography, http://dblp.org}
}

@misc
{rnnlib,
	Author = {Alex Graves},
	Title = {{RNNLIB}: A recurrent neural network library for sequence learning problems},
	howpublished = {\url{http://sourceforge.net/projects/rnnl/}}}

@article{CellsLeifertSGL14,
	author    = {Gundram Leifert and
	Tobias Strau{\ss} and
	Tobias Gr{\"{u}}ning and
	Roger Labahn},
	title     = {Cells in Multidimensional Recurrent Neural Networks},
	year      = {2014},
	journal={arXiv preprint arXiv:1412.2620},
}


@inproceedings{chime,
	author    = {Jon Barker and
	Ricard Marxer and
	Emmanuel Vincent and
	Shinji Watanabe},
	title     = {The third {'CHiME'} speech separation and recognition challenge: Dataset,
	task and baselines},
	booktitle = {{IEEE} Workshop on Automatic Speech Recognition and Understanding
	({ASRU}), Scottsdale, AZ},
	pages     = {504--511},
	year      = {2015},
}

@incollection{NIPS2012_4687,
	title = {Large Scale Distributed Deep Networks},
	author = {Jeffrey Dean and Greg Corrado and Rajat Monga and Chen, Kai and Matthieu Devin and Mark Mao and Marc\textquotesingle aurelio Ranzato and Andrew Senior and Paul Tucker and Ke Yang and Quoc V. Le and Andrew Y. Ng},
	booktitle = {Advances in Neural Information Processing Systems 25},
	editor = {F. Pereira and C. J. C. Burges and L. Bottou and K. Q. Weinberger},
	pages = {1223--1231},
	year = {2012},
}

@INPROCEEDINGS{Khomenko06, 
	author={V. Khomenko and O. Shyshkov and O. Radyvonenko and K. Bokhan}, 
	booktitle={IEEE First International Conference on Data Stream Mining Processing (DSMP)}, 
	title={Accelerating recurrent neural network training using sequence bucketing and multi-{GPU} data parallelization}, 
	pages={100-103}, 
    month=aug,
	year=2016,
	address={Lviv, Ukraine},
	}

@inproceedings{PascanuMB13,
	author    = {Razvan Pascanu and Tomas Mikolov and Yoshua Bengio},
	title     = {On the difficulty of training recurrent neural networks},
	booktitle = ICML,
	pages     = {1310--1318},
	month = jun,
	address = {Atlanta, GA, USA},
	year      = 2013,
}

@techreport{2016arXiv161005256X,
	author = {Xiong, Wayne and Droppo, Jasha and Huang, Xuedong and Seide, Frank and Seltzer, Mike and Stolcke, Andreas and Yu, Dong and Zweig, Geoffrey},
	title = {Achieving Human Parity in Conversational Speech Recognition},
	year = 2017,
	month = feb,
	number = {MSR-TR-2016-71},
}

@inproceedings{CTC,
	title={Towards End-To-End Speech Recognition with Recurrent Neural Networks},
	author={Graves, Alex and Jaitly, Navdeep},
	booktitle=ICML,
	pages={1764--1772},
	year=2014,
	aug=jun,
	address={Beijing, China},
}
@article{Hannun2014:deepspeech,
	title={Deep speech: Scaling up end-to-end speech recognition},
	author={Hannun, Awni and Case, Carl and Casper, Jared and Catanzaro, Bryan and Diamos, Greg and Elsen, Erich and Prenger, Ryan and Satheesh, Sanjeev and Sengupta, Shubho and Coates, Adam and Ng, Andrew Y.},
	journal={arXiv preprint arXiv:1412.5567},
	year={2014}
}
@inproceedings{EESEN,
	title={EESEN: End-to-end speech recognition using deep RNN models and WFST-based decoding},
	author={Miao, Yajie and Gowayyed, Mohammad and Metze, Florian},
	booktitle={Automatic Speech Recognition and Understanding (ASRU), 2015 IEEE Workshop on},
	pages={167--174},
	year={2015},
	organization={IEEE}
}
@inproceedings{Li16,
    title = {Efficient Mini-batch Training for Stochastic Optimization},
	booktitle = {Proceedings of the 20th ACM SIGKDD International Conference on Knowledge Discovery and Data Mining},
	address = {New York, NY, USA},
	author = {Li, Mu and Zhang, Tong and Chen, Yuqiang and Smola, Alexander J.},
	pages = {661--670},
	year = 2014,
	month = aug,
}

@inproceedings{Bengio15,
	author = {Bengio, Samy and Vinyals, Oriol and Jaitly, Navdeep and Shazeer, Noam},
	title = {Scheduled Sampling for Sequence Prediction with Recurrent Neural Networks},
	booktitle = NIPS,
	address = {Montreal, Canada},
	pages = {1171--1179},
	year = 2015,
	month = dec,
} 

@INPROCEEDINGS{Laurent16, 
	author={C. Laurent and G. Pereyra and P. Brakel and Y. Zhang and Y. Bengio}, 
	booktitle=ICASSP, 
	title={Batch normalized recurrent neural networks},  
	pages={2657-2661},
	month=mar,
	year=2016,
	address={Shanghai, China},
}

@INPROCEEDINGS{Doetsch14, 
	author={P. Doetsch and M. Kozielski and H. Ney}, 
	booktitle={International Conference on Frontiers in Handwriting Recognition}, 
	title={Fast and Robust Training of Recurrent Neural Networks for Offline Handwriting Recognition}, 
	pages={279-284},
	month=sep,
	year=2014,
	address={Crete, Greece},
}

@article{Vincent_CSL2016:CHiME4,
  title = "An analysis of environment, microphone and data simulation mismatches in robust speech recognition ",
  author = "Emmanuel Vincent and Shinji Watanabe and Aditya Arie Nugraha and Jon Barker and Ricard Marxer",
  journal = CSL,
  year = 2016,
  issn = "0885-2308",
}

@inproceedings{Barker2015:CHiME3,
  title={The third {'CHiME'} speech separation and recognition challenge: Dataset, task and baselines},
  author={Barker, Jon and Marxer, Ricard and Vincent, Emmanuel and Watanabe, Shinji},
  booktitle=ASRU,
  pages={504--511},
  year=2015,
  month=dec,
}

@InProceedings { menne16:chime4System,
	author= {Menne, Tobias and Heymann, Jahn and Alexandridis, Anastasios and Irie, Kazuki and Zeyer, Albert and Kitza, Markus and Golik, Pavel and Kulikov, Ilia and Drude, Lukas and Schl{\"u}ter, Ralf and Ney, Hermann and Haeb-Umbach, Reinhold and Mouchtaris, Athanasios},	
	title= {The {RWTH/UPB/FORTH} System Combination for the 4th {CHiME} Challenge Evaluation},	
	booktitle= {The 4th International Workshop on Speech Processing in Everyday Environments},	
	pages= {39-44},	
	address= {San Francisco, CA, USA},	
	month= sep,	
	year= 2016,	
}
@article{hochreiter1997lstm,
  title ={{Long Short-Term Memory}},
  author={Hochreiter, Sepp and Schmidhuber, J{\"u}rgen},
  journal={Neural computation, {\rm Vol. 9, No. 8}},
  pages={1735--1780},
  year={1997},
  publisher={MIT Press}
}

@InProceedings { doetsch2017:returnn,
author= {Doetsch, Patrick and Zeyer, Albert and Voigtlaender, Paul and Kulikov, Ilia and Schlüter, Ralf and Ney, Hermann},	
title= {RETURNN: the RWTH extensible training framework for universal recurrent neural networks},	
booktitle= {IEEE International Conference on Acoustics, Speech, and Signal Processing},	
pages= {5345-5349},	
address= {New Orleans, LA, USA},	
month= mar,	
year= 2017
}