@Comment conferences

@Comment speech conferences

@STRING{confESPC = {Proc. of the European Signal Process. Conf. (ESPC)}}
@STRING{confEurospeech= {Proc. of the European Conf. on Speech Commun. and Technology (Eurospeech)}}
@STRING{confICASSP = {Proc. of the Int. Conf. on Acoust., Speech, and Signal Process.
(ICASSP)}}
@STRING{confICSLP = {Proc. of the Int. Conf. on Spoken Language Process. ({ICSLP})}}
@STRING{confInterspeech = {Proc. of the Ann. Conf. of the Int. Speech Commun. Assoc.
(Interspeech)}}
@STRING{confIWSLT = {Proc. of the Int. Workshop on Spoken Language Translation {(IWSLT)}}}
@STRING{confSpHe = {Proc. of the Conf. on Speech and Hearing}}

@Comment workshops
@STRING{confASRU = {Proc. of the {IEEE} Workshop on Automatic Speech Recognition and Understanding (ASRU)}}
@STRING{confARPASLTworkshop = {Proc. of the {ARPA} Spoken Language Technology Workshop}}
@STRING{confDARPASNLPworkshop = {Proc. of the {DARPA} Speech and Natural Language Process. Workshop}}
@STRING{confSysManCyb = {Proc. of the {IEEE} Int. Conf. of Syst., Man and Cybernetics}}
@STRING{confMLworkshop = {Proc. of the Int. Workshop on Mach. Learning }}

@Comment ML conferences
@Comment NIPS has special format because the proceedings are published as a book (?)
@STRING{confAISTATS = {Proc. of the Int. Conf. on Artificial Intell. and Stat. (AISTATS)}}
@STRING{confCOLT = {Proc. of the Ann. Workshop on Computational Learning Theory (COLT)}}
@STRING{confConnectionistSummerSchool = {Proc. of the Connectionist Models Summer School}}
@STRING{confICML = {Proc. of the Int. Conf. on Mach. Learning (ICML)}}
@STRING{confECML = {Proc. of the European Conf. on Mach. Learning (ECML)}}
@STRING{confICMLworkshopdeep = {Proc. of the {ICML} Workshop on Deep Learning for Audio, Speech and Language
Process.}}

@STRING{confICNN = {Proc. of Int. Conf. on Neural Networks (ICNN)}}
@STRING{confUAI = {Proc. of the Conf. on Uncertainty in Artificial Intell. (UAI)}}
@STRING{confNIPS = {Advances in Neural Inform. Process. Syst. (NIPS)}}

@Comment NLP conferences
@STRING{confCONLL = {Proc. of the Conf. on Computational Natural Language Learning (CoNLL)}}
@STRING{confNAACL = {Proc. of the Conf. of the North Amer. Chapter of the Assoc. for Computational
Linguistics on Human Language Technology (NAACL)}}
@STRING{confHLT-NAACL = {Proc. of the Human Language Technology Conf. of the North Amer. Chapter of the
Assoc. for Computational Linguistics (HLT-NAACL)}}
@STRING{confHLT94 = {Proc. of the Workshop on Human Language Technology (HLT)}}
@STRING{confEMNLP = {Proc. of the Conf. on Empirical Methods in Natural Language Process. (EMNLP)}}

@Comment other conferences
@STRING{confICDAR = {Proc. of the Int. Conf. on Document Anal. and Recognition (ICDAR)}}

@Comment journals


@STRING{journalACMMS = {{ACM} Trans. on Math. Software}}
@STRING{journalAIAA ={{AIAA} journal}}
@STRING{journalAnnalsOfMathematicalStatistics = {Ann. of the Math. Stat.}}
@STRING{journalASA = {The J. of the Acoustical Soc. of America}}
@STRING{journalASLP = {{IEEE} Trans. on Audio, Speech, and Language Process.}}
@STRING{journalASSP = {{IEEE} Trans. on Acoust., Speech, and Signal Process.}}
@STRING{journalAutomataLangComb = {J. of Automata, Languages, and Combinatorics}}
@STRING{journalAutomationRemoteControl = {Automation and remote control}}
@STRING{journalBulletinAMS = {Bulletin of the Amer. Math. Soc.}}
@STRING{ajournalBulletinAMS = {Bull. Amer. Math. Soc}}
@STRING{journalCL = {Computational Linguistics}}
@STRING{ajournalCL = {Comput. Linguist.}}
@STRING{journalCSL = {Computer Speech and Language}}
@STRING{journalDocumentaMatematica = {Documenta Matematica}}
@STRING{journalDoklSovPhy = {Doklady Soviet Physics}}
@STRING{journalMLTrends = {Found. and Trends in Mach. Learning}}
@STRING{journalIBMResearch = {{IBM} J. of Research and Develop.}}
@STRING{journalIEICE = {{IEICE} Trans. on Inform. and Syst.}}
@STRING{journalIJDAR = {Int. J. on Document Anal. and Recognition}}
@STRING{journalIT = {{IEEE} Trans. on Inform. Theory}}
@STRING{journalJASA = {J. of the Acoustical Soc. of America}}
@STRING{journalLAA = { J. of Linear Algebra and Its Applicat.}}
@STRING{journalMathProg = {Math. Programming}}
@STRING{journalML = {Mach. Learning}}
@STRING{journalMLR = {J. of Mach. Learning Research}}
@STRING{journalNature = {Nature}}
@STRING{journalNeurCom = {Neural computation}}
@STRING{journalNeurocomputing = {Neurocomputing}}
@STRING{journalPAMI = {{IEEE} Trans. on Pattern Anal. and Mach. Intell. {(PAMI)}}}
@STRING{journalPatRec = {Pattern Recognition}}
@STRING{journalPatRecLet = {Pattern Recognition Lett.}}
@STRING{journalPhysicalReview = {Physical Review}}
@STRING{ajournalPhysicalReview = {Phys. Rev.}}
@STRING{journalPRAI = {Int. J. Pattern Recognition and Artificial Intell.}}
@STRING{journalRSSb = {J. of the Roy. Statistical Soc. Series B (Methodological)}}
@STRING{journalSAP = {{IEEE} Trans. on Speech and Audio Process.}}
@STRING{journalSIAMrev = {{SIAM} Review}}
@STRING{ajournalSelTopSP   = {{IEEE} J. Sel. Topics Signal Process.}}
@STRING{journalSelTopSP = {{IEEE} J. of Sel. Topics in Signal Process.}}
@STRING{journalSigProcLet = {{IEEE} Signal Process. Lett.}}
@STRING{journalSPM = {IEEE Signal Process. Mag.}}
@STRING{journalSci. = {Science}}
@String{journalSPECOM = {Speech Commun.}}
@STRING{journalSysSciCyb = {{IEEE} Trans. on Syst. Sci. and Cybernetics}}


@STRING{SAP = journalSAP}
@STRING{ASSP = journalASSP}
@STRING{JASA = journalJASA}
@STRING{LAA = journalLAA}
@STRING{ACMMS = journalACMMS}
@STRING{CSL = journalCSL}
@STRING{SC = journalSPECOM}




